<?xml version="1.0" encoding="UTF-8"?>
<Document xmlns="urn:iso:std:iso:20022:tech:xsd:pain.008.001.02" xmlns:xsi="http://www.w3.org/2001/XMLSchema-instance" xsi:schemaLocation="urn:iso:std:iso:20022:tech:xsd:pain.008.001.02 pain.008.001.02.xsd">
	<CstmrDrctDbtInitn>
		<GrpHdr>
			<MsgId>0000003811</MsgId>
			<CreDtTm>2025-01-23T17:50:28</CreDtTm>
			<NbOfTxs>1</NbOfTxs>
			<CtrlSum>2601.18</CtrlSum>
			<InitgPty>
				<Nm>ENRW ENERGIEVERSORGUNG ROTTWEIL GMBH  CO. KG (NETZ)</Nm>
			</InitgPty>
		</GrpHdr>
		<PmtInf>
			<PmtInfId>0000003811-000001</PmtInfId>
			<PmtMtd>DD</PmtMtd>
			<NbOfTxs>1</NbOfTxs>
			<CtrlSum>2601.18</CtrlSum>
			<PmtTpInf>
				<SvcLvl>
					<Cd>SEPA</Cd>
				</SvcLvl>
				<LclInstrm>
					<Cd>CORE</Cd>
				</LclInstrm>
				<SeqTp>RCUR</SeqTp>
			</PmtTpInf>
			<ReqdColltnDt>2025-01-24</ReqdColltnDt>
			<Cdtr>
				<Nm>ENRW Energieversorgung Rottweil GmbH  Co. KG (Netz)</Nm>
				<PstlAdr>
					<Ctry>DE</Ctry>
					<AdrLine>Stuttgarter Strasse 80-82</AdrLine>
					<AdrLine>Rottweil</AdrLine>
				</PstlAdr>
			</Cdtr>
			<CdtrAcct>
				<Id>
					<IBAN>DE86642500400000861452</IBAN>
				</Id>
				<Ccy>EUR</Ccy>
			</CdtrAcct>
			<CdtrAgt>
				<FinInstnId>
					<BIC>SOLADES1RWL</BIC>
				</FinInstnId>
			</CdtrAgt>
			<ChrgBr>SLEV</ChrgBr>
			<DrctDbtTxInf>
				<PmtId>
					<InstrId>02-007100000679</InstrId>
					<EndToEndId>NOTPROVIDED</EndToEndId>
				</PmtId>
				<InstdAmt Ccy="EUR">2601.18</InstdAmt>
				<DrctDbtTx>
					<MndtRltdInf>
						<MndtId>N118AF000028994</MndtId>
						<DtOfSgntr>2014-12-17</DtOfSgntr>
						<AmdmntInd>false</AmdmntInd>
					</MndtRltdInf>
					<CdtrSchmeId>
						<Id>
							<PrvtId>
								<Othr>
									<Id>DE24ZZZ00000087613</Id>
									<SchmeNm>
										<Prtry>SEPA</Prtry>
									</SchmeNm>
								</Othr>
							</PrvtId>
						</Id>
					</CdtrSchmeId>
				</DrctDbtTx>
				<DbtrAgt>
					<FinInstnId>
						<BIC>GENODES1VRW</BIC>
					</FinInstnId>
				</DbtrAgt>
				<Dbtr>
					<Nm>Gebr. Schwarz GmbH</Nm>
					<PstlAdr>
						<Ctry>DE</Ctry>
						<AdrLine>Zepfenhaner Strasse, 35</AdrLine>
						<AdrLine>78628 Rottweil</AdrLine>
					</PstlAdr>
				</Dbtr>
				<DbtrAcct>
					<Id>
						<IBAN>DE07642901200004200004</IBAN>
					</Id>
				</DbtrAcct>
				<Purp>
					<Cd>OTHR</Cd>
				</Purp>
				<RmtInf>
					<Ustrd>B07100000679Vertragskonto 2200002615</Ustrd>
				</RmtInf>
			</DrctDbtTxInf>
		</PmtInf>
	</CstmrDrctDbtInitn>
</Document>