<Document xmlns="urn:iso:std:iso:20022:tech:xsd:pain.008.001.02" xmlns:xsi="http://www.w3.org/2001/XMLSchema-instance" xsi:schemaLocation="urn:iso:std:iso:20022:tech:xsd:pain.008.001.02 pain.008.001.02.xsd">
	<CstmrDrctDbtInitn>
		<GrpHdr>
			<MsgId>0000001203</MsgId>
			<CreDtTm>2026-03-23T18:33:10</CreDtTm>
			<NbOfTxs>1</NbOfTxs>
			<CtrlSum>762.00</CtrlSum>
			<InitgPty>
				<Nm>TWL</Nm>
			</InitgPty>
		</GrpHdr>
		<PmtInf>
			<PmtInfId>0000001203-000001</PmtInfId>
			<PmtMtd>DD</PmtMtd>
			<NbOfTxs>1</NbOfTxs>
			<CtrlSum>762.00</CtrlSum>
			<PmtTpInf>
				<SvcLvl>
					<Cd>SEPA</Cd>
				</SvcLvl>
				<LclInstrm>
					<Cd>CORE</Cd>
				</LclInstrm>
				<SeqTp>RCUR</SeqTp>
			</PmtTpInf>
			<ReqdColltnDt>2026-03-24</ReqdColltnDt>
			<Cdtr>
				<Nm>TWL</Nm>
				<PstlAdr>
					<Ctry>DE</Ctry>
					<AdrLine>Industriestr. 3</AdrLine>
					<AdrLine>LUDWIGSHAFEN</AdrLine>
				</PstlAdr>
			</Cdtr>
			<CdtrAcct>
				<Id>
					<IBAN>DE63545500100000000133</IBAN>
				</Id>
				<Ccy>EUR</Ccy>
			</CdtrAcct>
			<CdtrAgt>
				<FinInstnId>
					<BIC>LUHSDE6AXXX</BIC>
				</FinInstnId>
			</CdtrAgt>
			<ChrgBr>SLEV</ChrgBr>
			<DrctDbtTxInf>
				<PmtId>
					<InstrId>02-205003209434</InstrId>
					<EndToEndId>205003209434</EndToEndId>
				</PmtId>
				<InstdAmt Ccy="EUR">762.00</InstdAmt>
				<DrctDbtTx>
					<MndtRltdInf>
						<MndtId>2009470285LX001</MndtId>
						<DtOfSgntr>2023-07-30</DtOfSgntr>
						<AmdmntInd>false</AmdmntInd>
					</MndtRltdInf>
					<CdtrSchmeId>
						<Id>
							<PrvtId>
								<Othr>
									<Id>DE51TWL00000023883</Id>
									<SchmeNm>
										<Prtry>SEPA</Prtry>
									</SchmeNm>
								</Othr>
							</PrvtId>
						</Id>
					</CdtrSchmeId>
				</DrctDbtTx>
				<DbtrAgt>
					<FinInstnId>
						<BIC>AARBDE5W550</BIC>
					</FinInstnId>
				</DbtrAgt>
				<Dbtr>
					<Nm>An der Froschlache 3</Nm>
				</Dbtr>
				<DbtrAcct>
					<Id>
						<IBAN>DE55550104242912997066</IBAN>
					</Id>
				</DbtrAcct>
				<Purp>
					<Cd>OTHR</Cd>
				</Purp>
				<RmtInf>
					<Ustrd>B05003209434Vertragskonto 2009470285</Ustrd>
				</RmtInf>
			</DrctDbtTxInf>
		</PmtInf>
	</CstmrDrctDbtInitn>
</Document>