<?xml version="1.0" encoding="UTF-8"?>
<Document xmlns="urn:iso:std:iso:20022:tech:xsd:pain.008.001.08" xmlns:xsi="http://www.w3.org/2001/XMLSchema-instance" xsi:schemaLocation="urn:iso:std:iso:20022:tech:xsd:pain.008.001.08 pain.008.001.08.xsd">
	<CstmrDrctDbtInitn>
		<GrpHdr>
			<MsgId>0000000101</MsgId>
			<CreDtTm>2025-01-21T09:38:55</CreDtTm>
			<NbOfTxs>2</NbOfTxs>
			<CtrlSum>255.77</CtrlSum>
		</GrpHdr>
		<PmtInf>
			<PmtMtd>DD</PmtMtd>
			<NbOfTxs>2</NbOfTxs>
			<CtrlSum>255.77</CtrlSum>
			<ReqdColltnDt>2025-01-23</ReqdColltnDt>
			<Cdtr>
				<PstlAdr>
					<TwnNm>Rottweil</TwnNm>
					<Ctry>DE</Ctry>
					<AdrLine>In der Au 5</AdrLine>
					<AdrLine>78628 Rottweil</AdrLine>
				</PstlAdr>
				<CtryOfRes>DE</CtryOfRes>
			</Cdtr>
			<CdtrAcct>
				<Id>
					<IBAN>DE86642500400000861452</IBAN>
				</Id>
				<Ccy>EUR</Ccy>
			</CdtrAcct>
			<CdtrAgt>
				<FinInstnId>
					<BIC>SOLADES1RWL</BIC>
					<ClrSysMmbId>
						<MmbId>64250040</MmbId>
					</ClrSysMmbId>
					<PstlAdr>
						<Ctry>DE</Ctry>
					</PstlAdr>
				</FinInstnId>
			</CdtrAgt>
			<DrctDbtTxInf>
				<PmtId>
					<EndToEndId>NOTPROVIDED</EndToEndId>
				</PmtId>
				<PmtTpInf>
					<InstrPrty>NORM</InstrPrty>
					<LclInstrm>
						<Cd>CORE</Cd>
					</LclInstrm>
					<SeqTp>RCUR</SeqTp>
				</PmtTpInf>
				<InstdAmt Ccy="EUR">69.20</InstdAmt>
				<ChrgBr>SHAR</ChrgBr>
				<DrctDbtTx>
					<MndtRltdInf>
						<MndtId>N118AF000060061</MndtId>
						<DtOfSgntr>2024-07-29</DtOfSgntr>
						<AmdmntInd>false</AmdmntInd>
					</MndtRltdInf>
					<CdtrSchmeId>
						<Id>
							<PrvtId>
								<Othr>
									<Id>DE24ZZZ00000087613</Id>
								</Othr>
							</PrvtId>
						</Id>
					</CdtrSchmeId>
				</DrctDbtTx>
				<UltmtCdtr>
					<Nm>ENRW ROTTWEILER NETZ</Nm>
					<PstlAdr>
						<TwnNm>Rottweil</TwnNm>
						<CtrySubDvsn>08</CtrySubDvsn>
						<Ctry>DE</Ctry>
					</PstlAdr>
				</UltmtCdtr>
				<DbtrAgt>
					<FinInstnId>
						<BIC>GENODE61OG1</BIC>
						<PstlAdr>
							<Ctry>DE</Ctry>
						</PstlAdr>
					</FinInstnId>
				</DbtrAgt>
				<Dbtr>
					<Nm>BRS Bioenergie GmbH</Nm>
					<PstlAdr>
						<CtrySubDvsn>08</CtrySubDvsn>
						<Ctry>DE</Ctry>
					</PstlAdr>
				</Dbtr>
				<DbtrAcct>
					<Id>
						<IBAN>DE73664900000038512412</IBAN>
					</Id>
					<Nm>BRS Bioenergie GmbH</Nm>
				</DbtrAcct>
				<RgltryRptg>
					<Dtls>
						<Amt Ccy="EUR">69.20</Amt>
					</Dtls>
				</RgltryRptg>
				<Tax>
					<Dbtr>
						<TaxId>DE200387156</TaxId>
					</Dbtr>
					<RefNb>0000000700</RefNb>
					<Dt>2025-01-21</Dt>
					<Rcrd>
						<Tp>WHT</Tp>
					</Rcrd>
				</Tax>
				<RmtInf>
					<Ustrd>B07000001943Vertragskonto 2200004459</Ustrd>
				</RmtInf>
			</DrctDbtTxInf>
			<DrctDbtTxInf>
				<PmtId>
					<EndToEndId>NOTPROVIDED</EndToEndId>
				</PmtId>
				<PmtTpInf>
					<InstrPrty>NORM</InstrPrty>
					<LclInstrm>
						<Cd>CORE</Cd>
					</LclInstrm>
					<SeqTp>RCUR</SeqTp>
				</PmtTpInf>
				<InstdAmt Ccy="EUR">186.57</InstdAmt>
				<ChrgBr>SHAR</ChrgBr>
				<DrctDbtTx>
					<MndtRltdInf>
						<MndtId>N118AF000060060</MndtId>
						<DtOfSgntr>2024-09-10</DtOfSgntr>
						<AmdmntInd>false</AmdmntInd>
					</MndtRltdInf>
					<CdtrSchmeId>
						<Id>
							<PrvtId>
								<Othr>
									<Id>DE24ZZZ00000087613</Id>
								</Othr>
							</PrvtId>
						</Id>
					</CdtrSchmeId>
				</DrctDbtTx>
				<UltmtCdtr>
					<Nm>ENRW ROTTWEILER NETZ</Nm>
					<PstlAdr>
						<TwnNm>Rottweil</TwnNm>
						<CtrySubDvsn>08</CtrySubDvsn>
						<Ctry>DE</Ctry>
					</PstlAdr>
				</UltmtCdtr>
				<DbtrAgt>
					<FinInstnId>
						<BIC>GENODE61OG1</BIC>
						<PstlAdr>
							<Ctry>DE</Ctry>
						</PstlAdr>
					</FinInstnId>
				</DbtrAgt>
				<Dbtr>
					<Nm>BRS Bioenergie GmbH</Nm>
					<PstlAdr>
						<CtrySubDvsn>08</CtrySubDvsn>
						<Ctry>DE</Ctry>
					</PstlAdr>
				</Dbtr>
				<DbtrAcct>
					<Id>
						<IBAN>DE73664900000038512412</IBAN>
					</Id>
					<Nm>BRS Bioenergie GmbH</Nm>
				</DbtrAcct>
				<RgltryRptg>
					<Dtls>
						<Amt Ccy="EUR">186.57</Amt>
					</Dtls>
				</RgltryRptg>
				<Tax>
					<Dbtr>
						<TaxId>DE200387156</TaxId>
					</Dbtr>
					<RefNb>0000005201</RefNb>
					<Dt>2025-01-21</Dt>
					<Rcrd>
						<Tp>WHT</Tp>
					</Rcrd>
				</Tax>
				<RmtInf>
					<Ustrd>B07000001944Vertragskonto 2200004461</Ustrd>
				</RmtInf>
			</DrctDbtTxInf>
		</PmtInf>
	</CstmrDrctDbtInitn>
</Document>