<?xml version="1.0" encoding="UTF-8"?>
<Document xmlns="urn:iso:std:iso:20022:tech:xsd:pain.008.001.08"
    xmlns:xsi="http://www.w3.org/2001/XMLSchema-instance" xsi:schemaLocation="urn:iso:std:iso:20022:tech:xsd:pain.008.001.08 pain.008.001.08.xsd">
    <CstmrDrctDbtInitn>
        <GrpHdr>
            <MsgId>0000000505</MsgId>
            <CreDtTm>2025-01-21T12:26:26</CreDtTm>
            <NbOfTxs>1</NbOfTxs>
            <CtrlSum>435.00</CtrlSum>
        </GrpHdr>
        <PmtInf>
            <PmtMtd>DD</PmtMtd>
            <NbOfTxs>1</NbOfTxs>
            <CtrlSum>435.00</CtrlSum>
            <ReqdColltnDt>2025-01-23</ReqdColltnDt>
            <Cdtr>
                <PstlAdr>
                    <TwnNm>Rottweil</TwnNm>
                    <Ctry>DE</Ctry>
                    <AdrLine>In der Au 5</AdrLine>
                    <AdrLine>78628 Rottweil</AdrLine>
                </PstlAdr>
                <CtryOfRes>DE</CtryOfRes>
            </Cdtr>
            <CdtrAcct>
                <Id>
                    <IBAN>DE46642500400000103244</IBAN>
                </Id>
                <Ccy>EUR</Ccy>
            </CdtrAcct>
            <CdtrAgt>
                <FinInstnId>
                    <BIC>SOLADES1RWL</BIC>
                    <ClrSysMmbId>
                        <MmbId>64250040</MmbId>
                    </ClrSysMmbId>
                    <PstlAdr>
                        <Ctry>DE</Ctry>
                    </PstlAdr>
                </FinInstnId>
            </CdtrAgt>
            <DrctDbtTxInf>
                <PmtId>
                    <EndToEndId>NOTPROVIDED</EndToEndId>
                </PmtId>
                <PmtTpInf>
                    <InstrPrty>NORM</InstrPrty>
                    <LclInstrm>
                        <Cd>CORE</Cd>
                    </LclInstrm>
                    <SeqTp>RCUR</SeqTp>
                </PmtTpInf>
                <InstdAmt Ccy="EUR">435.00</InstdAmt>
                <ChrgBr>SHAR</ChrgBr>
                <DrctDbtTx>
                    <MndtRltdInf>
                        <MndtId>V618AA000000021</MndtId>
                        <DtOfSgntr>2013-10-24</DtOfSgntr>
                        <AmdmntInd>false</AmdmntInd>
                    </MndtRltdInf>
                    <CdtrSchmeId>
                        <Id>
                            <PrvtId>
                                <Othr>
                                    <Id>DE24ZZZ00000087613</Id>
                                </Othr>
                            </PrvtId>
                        </Id>
                    </CdtrSchmeId>
                </DrctDbtTx>
                <UltmtCdtr>
                    <Nm>ENRW ABWASSER</Nm>
                    <PstlAdr>
                        <TwnNm>Rottweil</TwnNm>
                        <CtrySubDvsn>08</CtrySubDvsn>
                        <Ctry>DE</Ctry>
                    </PstlAdr>
                </UltmtCdtr>
                <DbtrAgt>
                    <FinInstnId>
                        <BIC>SOLADES1RWL</BIC>
                        <PstlAdr>
                            <Ctry>DE</Ctry>
                        </PstlAdr>
                    </FinInstnId>
                </DbtrAgt>
                <Dbtr>
                    <Nm>Margit Armleder-Spreter Thomas Armleder</Nm>
                    <PstlAdr>
                        <CtrySubDvsn>08</CtrySubDvsn>
                        <Ctry>DE</Ctry>
                    </PstlAdr>
                </Dbtr>
                <DbtrAcct>
                    <Id>
                        <IBAN>DE50642500400000245762</IBAN>
                    </Id>
                    <Nm>Margit Armleder-Spreter Thomas Armleder</Nm>
                </DbtrAcct>
                <RgltryRptg>
                    <Dtls>
                        <Amt Ccy="EUR">435.00</Amt>
                    </Dtls>
                </RgltryRptg>
                <Tax>
                    <Dbtr>
                        <TaxId>DE200387156</TaxId>
                    </Dbtr>
                    <RefNb>0000005200</RefNb>
                    <Dt>2025-01-21</Dt>
                    <Rcrd>
                        <Tp>WHT</Tp>
                    </Rcrd>
                </Tax>
                <RmtInf>
                    <Ustrd>B07100825868Vertragskonto 2000020159</Ustrd>
                </RmtInf>
            </DrctDbtTxInf>
        </PmtInf>
    </CstmrDrctDbtInitn>
</Document>