<?xml version="1.0" encoding="UTF-8"?><Document xmlns="urn:iso:std:iso:20022:tech:xs:d:pain.001.001.09" xmlns:xsi="http://www.w3.org/2001/XMLSchema-instance" xsi:schemaLocation="urn:iso:std:iso:20022:tech:xsd:pain.001.001.09 pain.001.001.09.xsd"><CstmrCdtTrfInitn><GrpHdr><MsgId>1000001709</MsgId><CreDtTm>2026-01-20T16:17:10</CreDtTm><NbOfTxs>1</NbOfTxs><CtrlSum>750.00</CtrlSum><InitgPty><Nm>ULTRA PHARM MEDICALPRODUKTE GMBH 05424/2164-0</Nm></InitgPty></GrpHdr><PmtInf><PmtInfId>1000001810</PmtInfId><PmtMtd>TRF</PmtMtd><NbOfTxs>1</NbOfTxs><CtrlSum>750.00</CtrlSum><ReqdExctnDt><Dt>2026-01-20</Dt></ReqdExctnDt><Dbtr><Nm>Ultra Pharm Medicalprodukte GmbH 05424/2164-0</Nm><PstlAdr><StrtNm>Nordel</StrtNm><BldgNb>1</BldgNb><PstCd>49176</PstCd><TwnNm>Hilter</TwnNm><Ctry>DE</Ctry></PstlAdr><CtryOfRes>DE</CtryOfRes></Dbtr><DbtrAcct><Id><IBAN>DE96265624901207193500</IBAN></Id><Ccy>EUR</Ccy></DbtrAcct><DbtrAgt><FinInstnId><BICFI>GENODEF1HTR</BICFI></FinInstnId></DbtrAgt><CdtTrfTxInf><PmtId><InstrId>01-102020000000072026</InstrId><EndToEndId>2000000007</EndToEndId></PmtId><PmtTpInf><InstrPrty>NORM</InstrPrty></PmtTpInf><Amt><InstdAmt Ccy="USD">750.00</InstdAmt></Amt><ChrgBr>SHAR</ChrgBr><CdtrAgt><FinInstnId><ClrSysMmbId><ClrSysId><Cd>USABA</Cd></ClrSysId><MmbId>026009593</MmbId></ClrSysMmbId><Nm>Bank of America</Nm><PstlAdr><Ctry>US</Ctry></PstlAdr></FinInstnId></CdtrAgt><Cdtr><Nm>Testlieferant</Nm><PstlAdr><StrtNm>Teststrasse</StrtNm><BldgNb>15</BldgNb><PstCd>25100</PstCd><TwnNm>Teststadt</TwnNm><Ctry>DE</Ctry></PstlAdr></Cdtr><CdtrAcct><Id><Othr><Id>1236548756</Id><SchmeNm><Cd>BBAN</Cd></SchmeNm></Othr></Id></CdtrAcct><RmtInf><Ustrd>Konto bei Ih Nr.TEST F/1.1.2026</Ustrd></RmtInf></CdtTrfTxInf></PmtInf></CstmrCdtTrfInitn></Document>