<?xml version="1.0" encoding="UTF-8"?>
<Document xmlns="urn:iso:std:iso:20022:tech:xs:d:pain.001.001.09"
    xmlns:xsi="http://www.w3.org/2001/XMLSchema-instance" xsi:schemaLocation="urn:iso:std:iso:20022:tech:xsd:pain.001.001.09 pain.001.001.09.xsd">
    <CstmrCdtTrfInitn>
        <GrpHdr>
            <MsgId>1000001507</MsgId>
            <CreDtTm>2026-01-13T17:50:54</CreDtTm>
            <NbOfTxs>1</NbOfTxs>
            <CtrlSum>14455.20</CtrlSum>
            <InitgPty>
                <Nm>ULTRA PHARM MEDICALPRODUKTE GMBH</Nm>
            </InitgPty>
        </GrpHdr>
        <PmtInf>
            <PmtInfId>1000001608</PmtInfId>
            <PmtMtd>TRF</PmtMtd>
            <NbOfTxs>1</NbOfTxs>
            <CtrlSum>14455.20</CtrlSum>
            <PmtTpInf>
                <SvcLvl>
                    <Cd>SEPA</Cd>
                </SvcLvl>
            </PmtTpInf>
            <ReqdExctnDt>
                <Dt>2026-01-13</Dt>
            </ReqdExctnDt>
            <Dbtr>
                <Nm>Ultra Pharm Medicalprodukte GmbH</Nm>
                <PstlAdr>
                    <StrtNm>Nordel</StrtNm>
                    <BldgNb>1</BldgNb>
                    <PstCd>49176</PstCd>
                    <TwnNm>Hilter</TwnNm>
                    <Ctry>DE</Ctry>
                </PstlAdr>
            </Dbtr>
            <DbtrAcct>
                <Id>
                    <IBAN>DE96265624901207193500</IBAN>
                </Id>
                <Ccy>EUR</Ccy>
            </DbtrAcct>
            <DbtrAgt>
                <FinInstnId>
                    <BICFI>GENODEF1HTR</BICFI>
                </FinInstnId>
            </DbtrAgt>
            <ChrgBr>SLEV</ChrgBr>
            <CdtTrfTxInf>
                <PmtId>
                    <InstrId>01-102020000000062026</InstrId>
                    <EndToEndId>2000000006</EndToEndId>
                </PmtId>
                <Amt>
                    <InstdAmt Ccy="EUR">14455.20</InstdAmt>
                </Amt>
                <CdtrAgt>
                    <FinInstnId>
                        <BICFI>GENODEF1HTR</BICFI>
                    </FinInstnId>
                </CdtrAgt>
                <Cdtr>
                    <Nm>Testlieferant</Nm>
                    <PstlAdr>
                        <Ctry>DE</Ctry>
                    </PstlAdr>
                </Cdtr>
                <CdtrAcct>
                    <Id>
                        <IBAN>DE75265624902356987452</IBAN>
                    </Id>
                </CdtrAcct>
                <RmtInf>
                    <Ustrd>/ADV/2000000006 13.1.2026</Ustrd>
                </RmtInf>
            </CdtTrfTxInf>
        </PmtInf>
    </CstmrCdtTrfInitn>
</Document>