<?xml version="1.0" encoding="UTF-8"?><Document xmlns="urn:iso:std:iso:20022:tech:xsd:pain.001.001.09" xmlns:xsi="http://www.w3.org/2001/XMLSchema-instance" xsi:schemaLocation="urn:iso:std:iso:20022:tech:xsd:pain.001.001.09 pain.001.001.09.xsd"><CstmrCdtTrfInitn><GrpHdr><MsgId>1001210207</MsgId><CreDtTm>2024-10-16T16:24:24</CreDtTm><NbOfTxs>1</NbOfTxs><CtrlSum>605.00</CtrlSum><InitgPty><Nm>APOTHEEK DOCMORRIS N.V. VOSKUILENWEG 131B</Nm></InitgPty></GrpHdr><PmtInf><PmtInfId>1001210308</PmtInfId><PmtMtd>TRF</PmtMtd><BtchBookg>000</BtchBookg><NbOfTxs>1</NbOfTxs><CtrlSum>605.00</CtrlSum><ReqdExctnDt><Dt>2024-10-16</Dt></ReqdExctnDt><Dbtr><Nm>Apotheek DocMorris N.V. Voskuilenweg 131b</Nm><PstlAdr><Ctry>NL</Ctry></PstlAdr><CtryOfRes>NL</CtryOfRes></Dbtr><DbtrAcct><Id><IBAN>NL82DEUT0265125715</IBAN></Id><Ccy>EUR</Ccy></DbtrAcct><DbtrAgt><FinInstnId><BICFI>DEUTNL2AXXX</BICFI><PstlAdr><Ctry>NL</Ctry></PstlAdr></FinInstnId></DbtrAgt><CdtTrfTxInf><PmtId><InstrId>01-910100890000252024</InstrId><EndToEndId>0089000025</EndToEndId></PmtId><PmtTpInf><InstrPrty>NORM</InstrPrty></PmtTpInf><Amt><InstdAmt Ccy="EUR">605.00</InstdAmt></Amt><ChrgBr>SHAR</ChrgBr><CdtrAgt><FinInstnId><BICFI>DEUTDEDBKOE</BICFI><Nm>Deutsche Bank</Nm><PstlAdr><Ctry>DE</Ctry></PstlAdr></FinInstnId></CdtrAgt><Cdtr><Nm>Stefan Kaup</Nm><PstlAdr><TwnNm>Heerlen</TwnNm><Ctry>NL</Ctry></PstlAdr></Cdtr><CdtrAcct><Id><IBAN>DE51370700240367525300</IBAN></Id></CdtrAcct><Tax><Dbtr><TaxId>NL808637642B01</TaxId></Dbtr><RefNb>EXP.SK.24.12.22</RefNb><Dt>2024-10-16</Dt><Rcrd><Tp>WHT</Tp><TaxAmt><TaxblBaseAmt Ccy="EUR">0.00</TaxblBaseAmt><TtlAmt Ccy="EUR">0.00</TtlAmt></TaxAmt></Rcrd></Tax><RmtInf><Ustrd>Konto bei IhNr.EXP.SK.24.12.22/24.12.2022</Ustrd></RmtInf></CdtTrfTxInf></PmtInf></CstmrCdtTrfInitn></Document>