<?xml version="1.0" encoding="UTF-8"?><Document xmlns="urn:iso:std:iso:20022:tech:xsd:pain.001.001.09" xmlns:xsi="http://www.w3.org/2001/XMLSchema-instance" xsi:schemaLocation="urn:iso:std:iso:20022:tech:xsd:pain.001.001.09 pain.001.001.09.xsd"><CstmrCdtTrfInitn><GrpHdr><MsgId>0000000404</MsgId><CreDtTm>2025-01-21T12:24:51</CreDtTm><NbOfTxs>1</NbOfTxs><CtrlSum>1098.00</CtrlSum></GrpHdr><PmtInf><PmtMtd>TRF</PmtMtd><NbOfTxs>1</NbOfTxs><CtrlSum>1098.00</CtrlSum><ReqdExctnDt><Dt>2025-01-21</Dt></ReqdExctnDt><Dbtr><PstlAdr><Ctry>DE</Ctry><AdrLine>In der Au 5</AdrLine><AdrLine>78628 Rottweil</AdrLine></PstlAdr><CtryOfRes>DE</CtryOfRes></Dbtr><DbtrAcct><Id><IBAN>DE46642500400000103244</IBAN></Id><Ccy>EUR</Ccy></DbtrAcct><DbtrAgt><FinInstnId><BICFI>SOLADES1RWL</BICFI><PstlAdr><Ctry>DE</Ctry></PstlAdr></FinInstnId></DbtrAgt><CdtTrfTxInf><PmtId><EndToEndId>NOTPROVIDED</EndToEndId></PmtId><PmtTpInf><InstrPrty>NORM</InstrPrty></PmtTpInf><Amt><InstdAmt Ccy="EUR">1098.00</InstdAmt></Amt><UltmtDbtr><Nm>ENRW Abwasser</Nm><PstlAdr><TwnNm>Rottweil</TwnNm><Ctry>DE</Ctry></PstlAdr><CtryOfRes>DE</CtryOfRes></UltmtDbtr><CdtrAgt><FinInstnId><BICFI>SOLADES1RWL</BICFI></FinInstnId></CdtrAgt><Cdtr><PstlAdr><Ctry>DE</Ctry></PstlAdr></Cdtr><CdtrAcct><Id><IBAN>DE69642500400000029304</IBAN></Id><Nm>Herbert Stahl</Nm></CdtrAcct><Tax><Dbtr><TaxId>DE200387156</TaxId></Dbtr><RefNb>0000005200593189</RefNb><Dt>2025-01-21</Dt><Rcrd><Tp>WHT</Tp><TaxAmt><TaxblBaseAmt Ccy="EUR"/><TtlAmt Ccy="EUR"/></TaxAmt></Rcrd></Tax><RmtInf><Ustrd>B11300050919Vertragskonto 2000024478</Ustrd></RmtInf></CdtTrfTxInf></PmtInf></CstmrCdtTrfInitn></Document>