<?xml version="1.0" encoding="UTF-8"?>
<Document xmlns="urn:iso:std:iso:20022:tech:xsd:pain.001.001.09" xmlns:xsi="http://www.w3.org/2001/XMLSchema-instance" xsi:schemaLocation="urn:iso:std:iso:20022:tech:xsd:pain.001.001.09 pain.001.001.09.xsd">
	<CstmrCdtTrfInitn>
		<GrpHdr>
			<MsgId>0000000202</MsgId>
			<CreDtTm>2025-01-21T09:49:29</CreDtTm>
			<NbOfTxs>1</NbOfTxs>
			<CtrlSum>60.00</CtrlSum>
		</GrpHdr>
		<PmtInf>
			<PmtMtd>TRF</PmtMtd>
			<NbOfTxs>1</NbOfTxs>
			<CtrlSum>60.00</CtrlSum>
			<ReqdExctnDt>
				<Dt>2025-01-21</Dt>
			</ReqdExctnDt>
			<Dbtr>
				<PstlAdr>
					<Ctry>DE</Ctry>
					<AdrLine>In der Au</AdrLine>
					<AdrLine>78628 Rottwei</AdrLine>
				</PstlAdr>
				<CtryOfRes>DE</CtryOfRes>
			</Dbtr>
			<DbtrAcct>
				<Id>
					<IBAN>DE86642500400000861452</IBAN>
				</Id>
				<Ccy>EUR</Ccy>
			</DbtrAcct>
			<DbtrAgt>
				<FinInstnId>
					<BICFI>SOLADES1RWL</BICFI>
					<PstlAdr>
						<Ctry>DE</Ctry>
					</PstlAdr>
				</FinInstnId>
			</DbtrAgt>
			<CdtTrfTxInf>
				<PmtId>
					<EndToEndId>NOTPROVIDED</EndToEndId>
				</PmtId>
				<PmtTpInf>
					<InstrPrty>NORM</InstrPrty>
				</PmtTpInf>
				<Amt>
					<InstdAmt Ccy="EUR">60.00</InstdAmt>
				</Amt>
				<UltmtDbtr>
					<Nm>ENRW Rottweiler Netz</Nm>
					<PstlAdr>
						<TwnNm>Rottweil</TwnNm>
						<Ctry>DE</Ctry>
					</PstlAdr>
					<CtryOfRes>DE</CtryOfRes>
				</UltmtDbtr>
				<CdtrAgt>
					<FinInstnId>
						<BICFI>SOLADEST600</BICFI>
					</FinInstnId>
				</CdtrAgt>
				<Cdtr>
					<PstlAdr>
						<Ctry>DE</Ctry>
					</PstlAdr>
				</Cdtr>
				<CdtrAcct>
					<Id>
						<IBAN>DE96600501017491895566</IBAN>
					</Id>
					<Nm>WEG Weber, Kunrath, Lang</Nm>
				</CdtrAcct>
				<Tax>
					<Dbtr>
						<TaxId>DE200387156</TaxId>
					</Dbtr>
					<Dt>2025-01-21</Dt>
					<Rcrd>
						<Tp>WHT</Tp>
						<TaxAmt>
							<TaxblBaseAmt Ccy="EUR"/>
							<TtlAmt Ccy="EUR"/>
						</TaxAmt>
					</Rcrd>
				</Tax>
				<RmtInf>
					<Ustrd>B11500054351 Vertragskonto 2200004791</Ustrd>
				</RmtInf>
			</CdtTrfTxInf>
		</PmtInf>
	</CstmrCdtTrfInitn>
</Document>