<?xml version="1.0" encoding="UTF-8"?><Document xmlns="urn:iso:std:iso:20022:tech:xsd:pain.008.001.02" xmlns:xsi="http://www.w3.org/2001/XMLSchema-instance" xsi:schemaLocation="urn:iso:std:iso:20022:tech:xsd:pain.008.001.02 pain.008.001.02.xsd"><CstmrDrctDbtInitn><GrpHdr><MsgId>0000011911</MsgId><CreDtTm>2025-04-09T10:41:25</CreDtTm><NbOfTxs>1</NbOfTxs><CtrlSum>44.00</CtrlSum><InitgPty><Nm>ENRW ENERGIEVERSORGUNG ROTTWEIL GMBH  CO. KG</Nm></InitgPty></GrpHdr><PmtInf><PmtInfId>0000011911-000001</PmtInfId><PmtMtd>DD</PmtMtd><NbOfTxs>1</NbOfTxs><CtrlSum>44.00</CtrlSum><PmtTpInf><SvcLvl><Cd>SEPA</Cd></SvcLvl><LclInstrm><Cd>CORE</Cd></LclInstrm><SeqTp>RCUR</SeqTp></PmtTpInf><ReqdColltnDt>2025-04-10</ReqdColltnDt><Cdtr><Nm>ENRW Energieversorgung Rottweil GmbH  Co. KG</Nm><PstlAdr><Ctry>DE</Ctry><AdrLine>Stuttgarter Strasse 80-82</AdrLine><AdrLine>Rottweil</AdrLine></PstlAdr></Cdtr><CdtrAcct><Id><IBAN>DE46642500400000103244</IBAN></Id><Ccy>EUR</Ccy></CdtrAcct><CdtrAgt><FinInstnId><BIC>SOLADES1RWL</BIC></FinInstnId></CdtrAgt><ChrgBr>SLEV</ChrgBr><DrctDbtTxInf><PmtId><InstrId>02-SIMU00000001</InstrId><EndToEndId>SIMU</EndToEndId></PmtId><InstdAmt Ccy="EUR">44.00</InstdAmt><DrctDbtTx><MndtRltdInf><MndtId>V618AA000004179</MndtId><DtOfSgntr>2013-10-24</DtOfSgntr><AmdmntInd>false</AmdmntInd></MndtRltdInf><CdtrSchmeId><Id><PrvtId><Othr><Id>DE24ZZZ00000087613</Id><SchmeNm><Prtry>SEPA</Prtry></SchmeNm></Othr></PrvtId></Id></CdtrSchmeId></DrctDbtTx><DbtrAgt><FinInstnId><BIC>SOLADES1RWL</BIC></FinInstnId></DbtrAgt><Dbtr><Nm>Joachim Harteker</Nm><PstlAdr><Ctry>DE</Ctry><AdrLine>Zollernweg, 3</AdrLine><AdrLine>78628 Rottweil</AdrLine></PstlAdr></Dbtr><DbtrAcct><Id><IBAN>DE63642500400000025047</IBAN></Id></DbtrAcct><Purp><Cd>OTHR</Cd></Purp><RmtInf><Ustrd>BIMUVertragskonto 2000020564</Ustrd></RmtInf></DrctDbtTxInf></PmtInf></CstmrDrctDbtInitn></Document>