<Document xmlns="urn:iso:std:iso:20022:tech:xsd:pain.008.001.02"
          xmlns:xsi="http://www.w3.org/2001/XMLSchema-instance"
          xsi:schemaLocation="urn:iso:std:iso:20022:tech:xsd:pain.008.001.02 pain.008.001.02.xsd">
	<CstmrDrctDbtInitn>
		<GrpHdr>
			<MsgId>0000013408</MsgId>
			<CreDtTm>2025-05-27T15:36:49</CreDtTm>
			<NbOfTxs>2</NbOfTxs>
			<CtrlSum>1688.00</CtrlSum>
			<InitgPty>
				<Nm>ENRW ENERGIEVERSORGUNG ROTTWEIL GMBH CO. KG</Nm>
			</InitgPty>
		</GrpHdr>
		<PmtInf>
			<PmtInfId>0000013408-000001</PmtInfId>
			<PmtMtd>DD</PmtMtd>
			<NbOfTxs>2</NbOfTxs>
			<CtrlSum>1688.00</CtrlSum>
			<PmtTpInf>
				<SvcLvl>
					<Cd>SEPA</Cd>
				</SvcLvl>
				<LclInstrm>
					<Cd>CORE</Cd>
				</LclInstrm>
				<SeqTp>RCUR</SeqTp>
			</PmtTpInf>
			<ReqdColltnDt>2025-05-20</ReqdColltnDt>
			<Cdtr>
				<Nm>ENRW Energieversorgung Rottweil GmbH Co. KG</Nm>
				<PstlAdr>
					<Ctry>DE</Ctry>
					<AdrLine>Stuttgarter Strasse 80-82</AdrLine>
					<AdrLine>Rottweil</AdrLine>
				</PstlAdr>
			</Cdtr>
			<CdtrAcct>
				<Id>
					<IBAN>DE46642500400000103244</IBAN>
				</Id>
				<Ccy>EUR</Ccy>
			</CdtrAcct>
			<CdtrAgt>
				<FinInstnId>
					<BIC>SOLADES1RWL</BIC>
				</FinInstnId>
			</CdtrAgt>
			<ChrgBr>SLEV</ChrgBr>
			<DrctDbtTxInf>
				<PmtId>
					<InstrId>02-006700715716</InstrId>
					<EndToEndId>006700715716</EndToEndId>
				</PmtId>
				<InstdAmt Ccy="EUR">1628.00</InstdAmt>
				<DrctDbtTx>
					<MndtRltdInf>
						<MndtId>V618AA000025767</MndtId>
						<DtOfSgntr>2024-12-17</DtOfSgntr>
						<AmdmntInd>false</AmdmntInd>
					</MndtRltdInf>
					<CdtrSchmeId>
						<Id>
							<PrvtId>
								<Othr>
									<Id>DE24ZZZ00000087613</Id>
									<SchmeNm>
										<Prtry>SEPA</Prtry>
									</SchmeNm>
								</Othr>
							</PrvtId>
						</Id>
					</CdtrSchmeId>
				</DrctDbtTx>
				<DbtrAgt>
					<FinInstnId>
						<BIC>GENODES1VRW</BIC>
					</FinInstnId>
				</DbtrAgt>
				<Dbtr>
					<Nm>Gabriele Ulrich</Nm>
				</Dbtr>
				<DbtrAcct>
					<Id>
						<IBAN>DE91642901200031927009</IBAN>
					</Id>
				</DbtrAcct>
				<Purp>
					<Cd>OTHR</Cd>
				</Purp>
				<RmtInf>
					<Ustrd>B06700715716Vertragskonto 2000008532</Ustrd>
				</RmtInf>
			</DrctDbtTxInf>
			<DrctDbtTxInf>
				<PmtId>
					<InstrId>02-006700715717</InstrId>
					<EndToEndId>006700715717</EndToEndId>
				</PmtId>
				<InstdAmt Ccy="EUR">60.00</InstdAmt>
				<DrctDbtTx>
					<MndtRltdInf>
						<MndtId>V618AA000036640</MndtId>
						<DtOfSgntr>2024-12-17</DtOfSgntr>
						<AmdmntInd>false</AmdmntInd>
					</MndtRltdInf>
					<CdtrSchmeId>
						<Id>
							<PrvtId>
								<Othr>
									<Id>DE24ZZZ00000087613</Id>
									<SchmeNm>
										<Prtry>SEPA</Prtry>
									</SchmeNm>
								</Othr>
							</PrvtId>
						</Id>
					</CdtrSchmeId>
				</DrctDbtTx>
				<DbtrAgt>
					<FinInstnId>
						<BIC>GENODES1VRW</BIC>
					</FinInstnId>
				</DbtrAgt>
				<Dbtr>
					<Nm>Gabriele Ulrich</Nm>
				</Dbtr>
				<DbtrAcct>
					<Id>
						<IBAN>DE91642901200031927009</IBAN>
					</Id>
				</DbtrAcct>
				<Purp>
					<Cd>OTHR</Cd>
				</Purp>
				<RmtInf>
					<Ustrd>B06700715717Vertragskonto 2000077815</Ustrd>
				</RmtInf>
			</DrctDbtTxInf>
		</PmtInf>
	</CstmrDrctDbtInitn>
</Document>